<?xml version="1.0" encoding="UTF-8"?><collection xmlns="http://www.loc.gov/MARC21/slim"><record><leader>00656nam--2200205-u-4500</leader><controlfield tag="001">000056908</controlfield><controlfield tag="002">20200911</controlfield><controlfield tag="005">20200911052832</controlfield><controlfield tag="008">200911s1000------------r-----000-0-eng-d</controlfield><datafield ind1=" " ind2=" " tag="040"><subfield code="a">IFIN-HH</subfield></datafield><datafield ind1=" " ind2=" " tag="041"><subfield code="a">eng</subfield></datafield><datafield ind1="1" ind2=" " tag="100"><subfield code="a">Delacroix, D</subfield></datafield><datafield ind1="1" ind2="0" tag="245"><subfield code="a">Radionucleides &amp; Radioprotection. Guide Pratique. Manuel poul la manipulation de substances radioactives dans les laboratoires activite</subfield><subfield code="c">D. Delacroix; J.-P. Guerre; P. Leblanc</subfield></datafield><datafield ind1=" " ind2=" " tag="250"><subfield code="a">Deuzieme edition</subfield></datafield><datafield ind1=" " ind2=" " tag="260"><subfield code="a">Saclay</subfield><subfield code="b">EDP Sciences</subfield><subfield code="c">2006</subfield></datafield><datafield ind1=" " ind2=" " tag="300"><subfield code="a">262 p</subfield></datafield><datafield ind1=" " ind2=" " tag="500"><subfield code="a">Donatie Acad. Nicolae Victor Zamfir</subfield></datafield><datafield ind1="1" ind2=" " tag="700"><subfield code="a">Leblanc, P</subfield></datafield><datafield ind1=" " ind2=" " tag="852"><subfield code="a">82840</subfield><subfield code="c">NVZ</subfield></datafield><datafield ind1=" " ind2=" " tag="CAT"><subfield code="a">SYS</subfield><subfield code="c">20200911</subfield><subfield code="h">052832</subfield></datafield></record></collection>